%YAML 1.1
%TAG !u! tag:unity3d.com,2011:
--- !u!1 &8497997513807143396
GameObject:
  m_ObjectHideFlags: 0
  m_CorrespondingSourceObject: {fileID: 0}
  m_PrefabInstance: {fileID: 0}
  m_PrefabAsset: {fileID: 0}
  serializedVersion: 6
  m_Component:
  - component: {fileID: 8497997513807143402}
  - component: {fileID: 8497997513807143397}
  m_Layer: 0
  m_Name: BattleSystem
  m_TagString: Untagged
  m_Icon: {fileID: 0}
  m_NavMeshLayer: 0
  m_StaticEditorFlags: 0
  m_IsActive: 1
--- !u!4 &8497997513807143402
Transform:
  m_ObjectHideFlags: 0
  m_CorrespondingSourceObject: {fileID: 0}
  m_PrefabInstance: {fileID: 0}
  m_PrefabAsset: {fileID: 0}
  m_GameObject: {fileID: 8497997513807143396}
  m_LocalRotation: {x: 0, y: 0, z: 0, w: 1}
  m_LocalPosition: {x: -2.42, y: 1.2341894, z: -14.061543}
  m_LocalScale: {x: 1, y: 1, z: 1}
  m_Children:
  - {fileID: 4374467956969589271}
  - {fileID: 8973747686145799169}
  - {fileID: 4519525748060835152}
  - {fileID: 5562454064219746069}
  - {fileID: 5009604285063601818}
  - {fileID: 529224021933825435}
  - {fileID: 3870963362210781035}
  m_Father: {fileID: 0}
  m_RootOrder: 0
  m_LocalEulerAnglesHint: {x: 0, y: 0, z: 0}
--- !u!114 &8497997513807143397
MonoBehaviour:
  m_ObjectHideFlags: 0
  m_CorrespondingSourceObject: {fileID: 0}
  m_PrefabInstance: {fileID: 0}
  m_PrefabAsset: {fileID: 0}
  m_GameObject: {fileID: 8497997513807143396}
  m_Enabled: 1
  m_EditorHideFlags: 0
  m_Script: {fileID: 11500000, guid: 3eabc748c9aa76e4cb59a64c9212fd93, type: 3}
  m_Name: 
  m_EditorClassIdentifier: 
  waveArray:
  - spawnPoints:
    - {fileID: 8803263520533715304}
    - {fileID: 4042766569741279289}
    - {fileID: 5445855796830913148}
    timer: 1
    enemyInScene: []
  - spawnPoints:
    - {fileID: 4839099040691434483}
    - {fileID: 142549551513678066}
    - {fileID: 3682311537114298882}
    timer: 6
    enemyInScene: []
  colliderTrigger: {fileID: 4374467956969589269}
  wallZone: {fileID: 0}
  wallZonemMinimap: {fileID: 0}
  chest: {fileID: 0}
--- !u!1001 &784681015221720277
PrefabInstance:
  m_ObjectHideFlags: 0
  serializedVersion: 2
  m_Modification:
    m_TransformParent: {fileID: 8497997513807143402}
    m_Modifications:
    - target: {fileID: 989544283703904590, guid: 4aaea8e071cbdb94bb749bd8f74ba57c,
        type: 3}
      propertyPath: m_RootOrder
      value: 5
      objectReference: {fileID: 0}
    - target: {fileID: 989544283703904590, guid: 4aaea8e071cbdb94bb749bd8f74ba57c,
        type: 3}
      propertyPath: m_LocalPosition.x
      value: -2.21
      objectReference: {fileID: 0}
    - target: {fileID: 989544283703904590, guid: 4aaea8e071cbdb94bb749bd8f74ba57c,
        type: 3}
      propertyPath: m_LocalPosition.y
      value: 3.77
      objectReference: {fileID: 0}
    - target: {fileID: 989544283703904590, guid: 4aaea8e071cbdb94bb749bd8f74ba57c,
        type: 3}
      propertyPath: m_LocalPosition.z
      value: -3.022455
      objectReference: {fileID: 0}
    - target: {fileID: 989544283703904590, guid: 4aaea8e071cbdb94bb749bd8f74ba57c,
        type: 3}
      propertyPath: m_LocalRotation.w
      value: 1
      objectReference: {fileID: 0}
    - target: {fileID: 989544283703904590, guid: 4aaea8e071cbdb94bb749bd8f74ba57c,
        type: 3}
      propertyPath: m_LocalRotation.x
      value: 0
      objectReference: {fileID: 0}
    - target: {fileID: 989544283703904590, guid: 4aaea8e071cbdb94bb749bd8f74ba57c,
        type: 3}
      propertyPath: m_LocalRotation.y
      value: 0
      objectReference: {fileID: 0}
    - target: {fileID: 989544283703904590, guid: 4aaea8e071cbdb94bb749bd8f74ba57c,
        type: 3}
      propertyPath: m_LocalRotation.z
      value: 0
      objectReference: {fileID: 0}
    - target: {fileID: 989544283703904590, guid: 4aaea8e071cbdb94bb749bd8f74ba57c,
        type: 3}
      propertyPath: m_LocalEulerAnglesHint.x
      value: 0
      objectReference: {fileID: 0}
    - target: {fileID: 989544283703904590, guid: 4aaea8e071cbdb94bb749bd8f74ba57c,
        type: 3}
      propertyPath: m_LocalEulerAnglesHint.y
      value: 0
      objectReference: {fileID: 0}
    - target: {fileID: 989544283703904590, guid: 4aaea8e071cbdb94bb749bd8f74ba57c,
        type: 3}
      propertyPath: m_LocalEulerAnglesHint.z
      value: 0
      objectReference: {fileID: 0}
    - target: {fileID: 989544283703904591, guid: 4aaea8e071cbdb94bb749bd8f74ba57c,
        type: 3}
      propertyPath: m_Name
      value: SpawnPoint (4)
      objectReference: {fileID: 0}
    m_RemovedComponents: []
  m_SourcePrefab: {fileID: 100100000, guid: 4aaea8e071cbdb94bb749bd8f74ba57c, type: 3}
--- !u!4 &529224021933825435 stripped
Transform:
  m_CorrespondingSourceObject: {fileID: 989544283703904590, guid: 4aaea8e071cbdb94bb749bd8f74ba57c,
    type: 3}
  m_PrefabInstance: {fileID: 784681015221720277}
  m_PrefabAsset: {fileID: 0}
--- !u!114 &142549551513678066 stripped
MonoBehaviour:
  m_CorrespondingSourceObject: {fileID: 799898239713518631, guid: 4aaea8e071cbdb94bb749bd8f74ba57c,
    type: 3}
  m_PrefabInstance: {fileID: 784681015221720277}
  m_PrefabAsset: {fileID: 0}
  m_GameObject: {fileID: 0}
  m_Enabled: 1
  m_EditorHideFlags: 0
  m_Script: {fileID: 11500000, guid: 4338a34bc067ca44d804b9f3098b6371, type: 3}
  m_Name: 
  m_EditorClassIdentifier: 
--- !u!1001 &3675788251661419550
PrefabInstance:
  m_ObjectHideFlags: 0
  serializedVersion: 2
  m_Modification:
    m_TransformParent: {fileID: 8497997513807143402}
    m_Modifications:
    - target: {fileID: 989544283703904590, guid: 4aaea8e071cbdb94bb749bd8f74ba57c,
        type: 3}
      propertyPath: m_RootOrder
      value: 2
      objectReference: {fileID: 0}
    - target: {fileID: 989544283703904590, guid: 4aaea8e071cbdb94bb749bd8f74ba57c,
        type: 3}
      propertyPath: m_LocalPosition.x
      value: -2.21
      objectReference: {fileID: 0}
    - target: {fileID: 989544283703904590, guid: 4aaea8e071cbdb94bb749bd8f74ba57c,
        type: 3}
      propertyPath: m_LocalPosition.y
      value: 3.77
      objectReference: {fileID: 0}
    - target: {fileID: 989544283703904590, guid: 4aaea8e071cbdb94bb749bd8f74ba57c,
        type: 3}
      propertyPath: m_LocalPosition.z
      value: -3.022455
      objectReference: {fileID: 0}
    - target: {fileID: 989544283703904590, guid: 4aaea8e071cbdb94bb749bd8f74ba57c,
        type: 3}
      propertyPath: m_LocalRotation.w
      value: 1
      objectReference: {fileID: 0}
    - target: {fileID: 989544283703904590, guid: 4aaea8e071cbdb94bb749bd8f74ba57c,
        type: 3}
      propertyPath: m_LocalRotation.x
      value: 0
      objectReference: {fileID: 0}
    - target: {fileID: 989544283703904590, guid: 4aaea8e071cbdb94bb749bd8f74ba57c,
        type: 3}
      propertyPath: m_LocalRotation.y
      value: 0
      objectReference: {fileID: 0}
    - target: {fileID: 989544283703904590, guid: 4aaea8e071cbdb94bb749bd8f74ba57c,
        type: 3}
      propertyPath: m_LocalRotation.z
      value: 0
      objectReference: {fileID: 0}
    - target: {fileID: 989544283703904590, guid: 4aaea8e071cbdb94bb749bd8f74ba57c,
        type: 3}
      propertyPath: m_LocalEulerAnglesHint.x
      value: 0
      objectReference: {fileID: 0}
    - target: {fileID: 989544283703904590, guid: 4aaea8e071cbdb94bb749bd8f74ba57c,
        type: 3}
      propertyPath: m_LocalEulerAnglesHint.y
      value: 0
      objectReference: {fileID: 0}
    - target: {fileID: 989544283703904590, guid: 4aaea8e071cbdb94bb749bd8f74ba57c,
        type: 3}
      propertyPath: m_LocalEulerAnglesHint.z
      value: 0
      objectReference: {fileID: 0}
    - target: {fileID: 989544283703904591, guid: 4aaea8e071cbdb94bb749bd8f74ba57c,
        type: 3}
      propertyPath: m_Name
      value: SpawnPoint (1)
      objectReference: {fileID: 0}
    m_RemovedComponents: []
  m_SourcePrefab: {fileID: 100100000, guid: 4aaea8e071cbdb94bb749bd8f74ba57c, type: 3}
--- !u!4 &4519525748060835152 stripped
Transform:
  m_CorrespondingSourceObject: {fileID: 989544283703904590, guid: 4aaea8e071cbdb94bb749bd8f74ba57c,
    type: 3}
  m_PrefabInstance: {fileID: 3675788251661419550}
  m_PrefabAsset: {fileID: 0}
--- !u!114 &4042766569741279289 stripped
MonoBehaviour:
  m_CorrespondingSourceObject: {fileID: 799898239713518631, guid: 4aaea8e071cbdb94bb749bd8f74ba57c,
    type: 3}
  m_PrefabInstance: {fileID: 3675788251661419550}
  m_PrefabAsset: {fileID: 0}
  m_GameObject: {fileID: 0}
  m_Enabled: 1
  m_EditorHideFlags: 0
  m_Script: {fileID: 11500000, guid: 4338a34bc067ca44d804b9f3098b6371, type: 3}
  m_Name: 
  m_EditorClassIdentifier: 
--- !u!1001 &4036348843805154853
PrefabInstance:
  m_ObjectHideFlags: 0
  serializedVersion: 2
  m_Modification:
    m_TransformParent: {fileID: 8497997513807143402}
    m_Modifications:
    - target: {fileID: 989544283703904590, guid: 4aaea8e071cbdb94bb749bd8f74ba57c,
        type: 3}
      propertyPath: m_RootOrder
      value: 6
      objectReference: {fileID: 0}
    - target: {fileID: 989544283703904590, guid: 4aaea8e071cbdb94bb749bd8f74ba57c,
        type: 3}
      propertyPath: m_LocalPosition.x
      value: -2.21
      objectReference: {fileID: 0}
    - target: {fileID: 989544283703904590, guid: 4aaea8e071cbdb94bb749bd8f74ba57c,
        type: 3}
      propertyPath: m_LocalPosition.y
      value: 3.77
      objectReference: {fileID: 0}
    - target: {fileID: 989544283703904590, guid: 4aaea8e071cbdb94bb749bd8f74ba57c,
        type: 3}
      propertyPath: m_LocalPosition.z
      value: -3.022455
      objectReference: {fileID: 0}
    - target: {fileID: 989544283703904590, guid: 4aaea8e071cbdb94bb749bd8f74ba57c,
        type: 3}
      propertyPath: m_LocalRotation.w
      value: 1
      objectReference: {fileID: 0}
    - target: {fileID: 989544283703904590, guid: 4aaea8e071cbdb94bb749bd8f74ba57c,
        type: 3}
      propertyPath: m_LocalRotation.x
      value: 0
      objectReference: {fileID: 0}
    - target: {fileID: 989544283703904590, guid: 4aaea8e071cbdb94bb749bd8f74ba57c,
        type: 3}
      propertyPath: m_LocalRotation.y
      value: 0
      objectReference: {fileID: 0}
    - target: {fileID: 989544283703904590, guid: 4aaea8e071cbdb94bb749bd8f74ba57c,
        type: 3}
      propertyPath: m_LocalRotation.z
      value: 0
      objectReference: {fileID: 0}
    - target: {fileID: 989544283703904590, guid: 4aaea8e071cbdb94bb749bd8f74ba57c,
        type: 3}
      propertyPath: m_LocalEulerAnglesHint.x
      value: 0
      objectReference: {fileID: 0}
    - target: {fileID: 989544283703904590, guid: 4aaea8e071cbdb94bb749bd8f74ba57c,
        type: 3}
      propertyPath: m_LocalEulerAnglesHint.y
      value: 0
      objectReference: {fileID: 0}
    - target: {fileID: 989544283703904590, guid: 4aaea8e071cbdb94bb749bd8f74ba57c,
        type: 3}
      propertyPath: m_LocalEulerAnglesHint.z
      value: 0
      objectReference: {fileID: 0}
    - target: {fileID: 989544283703904591, guid: 4aaea8e071cbdb94bb749bd8f74ba57c,
        type: 3}
      propertyPath: m_Name
      value: SpawnPoint (5)
      objectReference: {fileID: 0}
    m_RemovedComponents: []
  m_SourcePrefab: {fileID: 100100000, guid: 4aaea8e071cbdb94bb749bd8f74ba57c, type: 3}
--- !u!4 &3870963362210781035 stripped
Transform:
  m_CorrespondingSourceObject: {fileID: 989544283703904590, guid: 4aaea8e071cbdb94bb749bd8f74ba57c,
    type: 3}
  m_PrefabInstance: {fileID: 4036348843805154853}
  m_PrefabAsset: {fileID: 0}
--- !u!114 &3682311537114298882 stripped
MonoBehaviour:
  m_CorrespondingSourceObject: {fileID: 799898239713518631, guid: 4aaea8e071cbdb94bb749bd8f74ba57c,
    type: 3}
  m_PrefabInstance: {fileID: 4036348843805154853}
  m_PrefabAsset: {fileID: 0}
  m_GameObject: {fileID: 0}
  m_Enabled: 1
  m_EditorHideFlags: 0
  m_Script: {fileID: 11500000, guid: 4338a34bc067ca44d804b9f3098b6371, type: 3}
  m_Name: 
  m_EditorClassIdentifier: 
--- !u!1001 &4378179274132203541
PrefabInstance:
  m_ObjectHideFlags: 0
  serializedVersion: 2
  m_Modification:
    m_TransformParent: {fileID: 8497997513807143402}
    m_Modifications:
    - target: {fileID: 33585357863838209, guid: 903a48fe12776d149b4c0e28f6410c7f,
        type: 3}
      propertyPath: m_Offset.x
      value: 0
      objectReference: {fileID: 0}
    - target: {fileID: 33585357863838209, guid: 903a48fe12776d149b4c0e28f6410c7f,
        type: 3}
      propertyPath: m_Offset.y
      value: 0
      objectReference: {fileID: 0}
    - target: {fileID: 33585357863838210, guid: 903a48fe12776d149b4c0e28f6410c7f,
        type: 3}
      propertyPath: m_RootOrder
      value: 0
      objectReference: {fileID: 0}
    - target: {fileID: 33585357863838210, guid: 903a48fe12776d149b4c0e28f6410c7f,
        type: 3}
      propertyPath: m_LocalPosition.x
      value: 0
      objectReference: {fileID: 0}
    - target: {fileID: 33585357863838210, guid: 903a48fe12776d149b4c0e28f6410c7f,
        type: 3}
      propertyPath: m_LocalPosition.y
      value: 0
      objectReference: {fileID: 0}
    - target: {fileID: 33585357863838210, guid: 903a48fe12776d149b4c0e28f6410c7f,
        type: 3}
      propertyPath: m_LocalPosition.z
      value: 0
      objectReference: {fileID: 0}
    - target: {fileID: 33585357863838210, guid: 903a48fe12776d149b4c0e28f6410c7f,
        type: 3}
      propertyPath: m_LocalRotation.w
      value: 1
      objectReference: {fileID: 0}
    - target: {fileID: 33585357863838210, guid: 903a48fe12776d149b4c0e28f6410c7f,
        type: 3}
      propertyPath: m_LocalRotation.x
      value: 0
      objectReference: {fileID: 0}
    - target: {fileID: 33585357863838210, guid: 903a48fe12776d149b4c0e28f6410c7f,
        type: 3}
      propertyPath: m_LocalRotation.y
      value: 0
      objectReference: {fileID: 0}
    - target: {fileID: 33585357863838210, guid: 903a48fe12776d149b4c0e28f6410c7f,
        type: 3}
      propertyPath: m_LocalRotation.z
      value: 0
      objectReference: {fileID: 0}
    - target: {fileID: 33585357863838210, guid: 903a48fe12776d149b4c0e28f6410c7f,
        type: 3}
      propertyPath: m_LocalEulerAnglesHint.x
      value: 0
      objectReference: {fileID: 0}
    - target: {fileID: 33585357863838210, guid: 903a48fe12776d149b4c0e28f6410c7f,
        type: 3}
      propertyPath: m_LocalEulerAnglesHint.y
      value: 0
      objectReference: {fileID: 0}
    - target: {fileID: 33585357863838210, guid: 903a48fe12776d149b4c0e28f6410c7f,
        type: 3}
      propertyPath: m_LocalEulerAnglesHint.z
      value: 0
      objectReference: {fileID: 0}
    - target: {fileID: 33585357863838215, guid: 903a48fe12776d149b4c0e28f6410c7f,
        type: 3}
      propertyPath: m_Name
      value: BattleColliderTrigger
      objectReference: {fileID: 0}
    m_RemovedComponents: []
  m_SourcePrefab: {fileID: 100100000, guid: 903a48fe12776d149b4c0e28f6410c7f, type: 3}
--- !u!4 &4374467956969589271 stripped
Transform:
  m_CorrespondingSourceObject: {fileID: 33585357863838210, guid: 903a48fe12776d149b4c0e28f6410c7f,
    type: 3}
  m_PrefabInstance: {fileID: 4378179274132203541}
  m_PrefabAsset: {fileID: 0}
--- !u!114 &4374467956969589269 stripped
MonoBehaviour:
  m_CorrespondingSourceObject: {fileID: 33585357863838208, guid: 903a48fe12776d149b4c0e28f6410c7f,
    type: 3}
  m_PrefabInstance: {fileID: 4378179274132203541}
  m_PrefabAsset: {fileID: 0}
  m_GameObject: {fileID: 0}
  m_Enabled: 1
  m_EditorHideFlags: 0
  m_Script: {fileID: 11500000, guid: 0647002973dede147a8a5a9d5e718132, type: 3}
  m_Name: 
  m_EditorClassIdentifier: 
--- !u!1001 &4650634879666382427
PrefabInstance:
  m_ObjectHideFlags: 0
  serializedVersion: 2
  m_Modification:
    m_TransformParent: {fileID: 8497997513807143402}
    m_Modifications:
    - target: {fileID: 989544283703904590, guid: 4aaea8e071cbdb94bb749bd8f74ba57c,
        type: 3}
      propertyPath: m_RootOrder
      value: 3
      objectReference: {fileID: 0}
    - target: {fileID: 989544283703904590, guid: 4aaea8e071cbdb94bb749bd8f74ba57c,
        type: 3}
      propertyPath: m_LocalPosition.x
      value: -2.21
      objectReference: {fileID: 0}
    - target: {fileID: 989544283703904590, guid: 4aaea8e071cbdb94bb749bd8f74ba57c,
        type: 3}
      propertyPath: m_LocalPosition.y
      value: 3.77
      objectReference: {fileID: 0}
    - target: {fileID: 989544283703904590, guid: 4aaea8e071cbdb94bb749bd8f74ba57c,
        type: 3}
      propertyPath: m_LocalPosition.z
      value: -3.022455
      objectReference: {fileID: 0}
    - target: {fileID: 989544283703904590, guid: 4aaea8e071cbdb94bb749bd8f74ba57c,
        type: 3}
      propertyPath: m_LocalRotation.w
      value: 1
      objectReference: {fileID: 0}
    - target: {fileID: 989544283703904590, guid: 4aaea8e071cbdb94bb749bd8f74ba57c,
        type: 3}
      propertyPath: m_LocalRotation.x
      value: 0
      objectReference: {fileID: 0}
    - target: {fileID: 989544283703904590, guid: 4aaea8e071cbdb94bb749bd8f74ba57c,
        type: 3}
      propertyPath: m_LocalRotation.y
      value: 0
      objectReference: {fileID: 0}
    - target: {fileID: 989544283703904590, guid: 4aaea8e071cbdb94bb749bd8f74ba57c,
        type: 3}
      propertyPath: m_LocalRotation.z
      value: 0
      objectReference: {fileID: 0}
    - target: {fileID: 989544283703904590, guid: 4aaea8e071cbdb94bb749bd8f74ba57c,
        type: 3}
      propertyPath: m_LocalEulerAnglesHint.x
      value: 0
      objectReference: {fileID: 0}
    - target: {fileID: 989544283703904590, guid: 4aaea8e071cbdb94bb749bd8f74ba57c,
        type: 3}
      propertyPath: m_LocalEulerAnglesHint.y
      value: 0
      objectReference: {fileID: 0}
    - target: {fileID: 989544283703904590, guid: 4aaea8e071cbdb94bb749bd8f74ba57c,
        type: 3}
      propertyPath: m_LocalEulerAnglesHint.z
      value: 0
      objectReference: {fileID: 0}
    - target: {fileID: 989544283703904591, guid: 4aaea8e071cbdb94bb749bd8f74ba57c,
        type: 3}
      propertyPath: m_Name
      value: SpawnPoint (2)
      objectReference: {fileID: 0}
    m_RemovedComponents: []
  m_SourcePrefab: {fileID: 100100000, guid: 4aaea8e071cbdb94bb749bd8f74ba57c, type: 3}
--- !u!4 &5562454064219746069 stripped
Transform:
  m_CorrespondingSourceObject: {fileID: 989544283703904590, guid: 4aaea8e071cbdb94bb749bd8f74ba57c,
    type: 3}
  m_PrefabInstance: {fileID: 4650634879666382427}
  m_PrefabAsset: {fileID: 0}
--- !u!114 &5445855796830913148 stripped
MonoBehaviour:
  m_CorrespondingSourceObject: {fileID: 799898239713518631, guid: 4aaea8e071cbdb94bb749bd8f74ba57c,
    type: 3}
  m_PrefabInstance: {fileID: 4650634879666382427}
  m_PrefabAsset: {fileID: 0}
  m_GameObject: {fileID: 0}
  m_Enabled: 1
  m_EditorHideFlags: 0
  m_Script: {fileID: 11500000, guid: 4338a34bc067ca44d804b9f3098b6371, type: 3}
  m_Name: 
  m_EditorClassIdentifier: 
--- !u!1001 &5205635355114280916
PrefabInstance:
  m_ObjectHideFlags: 0
  serializedVersion: 2
  m_Modification:
    m_TransformParent: {fileID: 8497997513807143402}
    m_Modifications:
    - target: {fileID: 989544283703904590, guid: 4aaea8e071cbdb94bb749bd8f74ba57c,
        type: 3}
      propertyPath: m_RootOrder
      value: 4
      objectReference: {fileID: 0}
    - target: {fileID: 989544283703904590, guid: 4aaea8e071cbdb94bb749bd8f74ba57c,
        type: 3}
      propertyPath: m_LocalPosition.x
      value: -2.21
      objectReference: {fileID: 0}
    - target: {fileID: 989544283703904590, guid: 4aaea8e071cbdb94bb749bd8f74ba57c,
        type: 3}
      propertyPath: m_LocalPosition.y
      value: 3.77
      objectReference: {fileID: 0}
    - target: {fileID: 989544283703904590, guid: 4aaea8e071cbdb94bb749bd8f74ba57c,
        type: 3}
      propertyPath: m_LocalPosition.z
      value: -3.022455
      objectReference: {fileID: 0}
    - target: {fileID: 989544283703904590, guid: 4aaea8e071cbdb94bb749bd8f74ba57c,
        type: 3}
      propertyPath: m_LocalRotation.w
      value: 1
      objectReference: {fileID: 0}
    - target: {fileID: 989544283703904590, guid: 4aaea8e071cbdb94bb749bd8f74ba57c,
        type: 3}
      propertyPath: m_LocalRotation.x
      value: 0
      objectReference: {fileID: 0}
    - target: {fileID: 989544283703904590, guid: 4aaea8e071cbdb94bb749bd8f74ba57c,
        type: 3}
      propertyPath: m_LocalRotation.y
      value: 0
      objectReference: {fileID: 0}
    - target: {fileID: 989544283703904590, guid: 4aaea8e071cbdb94bb749bd8f74ba57c,
        type: 3}
      propertyPath: m_LocalRotation.z
      value: 0
      objectReference: {fileID: 0}
    - target: {fileID: 989544283703904590, guid: 4aaea8e071cbdb94bb749bd8f74ba57c,
        type: 3}
      propertyPath: m_LocalEulerAnglesHint.x
      value: 0
      objectReference: {fileID: 0}
    - target: {fileID: 989544283703904590, guid: 4aaea8e071cbdb94bb749bd8f74ba57c,
        type: 3}
      propertyPath: m_LocalEulerAnglesHint.y
      value: 0
      objectReference: {fileID: 0}
    - target: {fileID: 989544283703904590, guid: 4aaea8e071cbdb94bb749bd8f74ba57c,
        type: 3}
      propertyPath: m_LocalEulerAnglesHint.z
      value: 0
      objectReference: {fileID: 0}
    - target: {fileID: 989544283703904591, guid: 4aaea8e071cbdb94bb749bd8f74ba57c,
        type: 3}
      propertyPath: m_Name
      value: SpawnPoint (3)
      objectReference: {fileID: 0}
    m_RemovedComponents: []
  m_SourcePrefab: {fileID: 100100000, guid: 4aaea8e071cbdb94bb749bd8f74ba57c, type: 3}
--- !u!4 &5009604285063601818 stripped
Transform:
  m_CorrespondingSourceObject: {fileID: 989544283703904590, guid: 4aaea8e071cbdb94bb749bd8f74ba57c,
    type: 3}
  m_PrefabInstance: {fileID: 5205635355114280916}
  m_PrefabAsset: {fileID: 0}
--- !u!114 &4839099040691434483 stripped
MonoBehaviour:
  m_CorrespondingSourceObject: {fileID: 799898239713518631, guid: 4aaea8e071cbdb94bb749bd8f74ba57c,
    type: 3}
  m_PrefabInstance: {fileID: 5205635355114280916}
  m_PrefabAsset: {fileID: 0}
  m_GameObject: {fileID: 0}
  m_Enabled: 1
  m_EditorHideFlags: 0
  m_Script: {fileID: 11500000, guid: 4338a34bc067ca44d804b9f3098b6371, type: 3}
  m_Name: 
  m_EditorClassIdentifier: 
--- !u!1001 &8156782749651615055
PrefabInstance:
  m_ObjectHideFlags: 0
  serializedVersion: 2
  m_Modification:
    m_TransformParent: {fileID: 8497997513807143402}
    m_Modifications:
    - target: {fileID: 989544283703904590, guid: 4aaea8e071cbdb94bb749bd8f74ba57c,
        type: 3}
      propertyPath: m_RootOrder
      value: 1
      objectReference: {fileID: 0}
    - target: {fileID: 989544283703904590, guid: 4aaea8e071cbdb94bb749bd8f74ba57c,
        type: 3}
      propertyPath: m_LocalPosition.x
      value: -2.21
      objectReference: {fileID: 0}
    - target: {fileID: 989544283703904590, guid: 4aaea8e071cbdb94bb749bd8f74ba57c,
        type: 3}
      propertyPath: m_LocalPosition.y
      value: 3.77
      objectReference: {fileID: 0}
    - target: {fileID: 989544283703904590, guid: 4aaea8e071cbdb94bb749bd8f74ba57c,
        type: 3}
      propertyPath: m_LocalPosition.z
      value: -3.022455
      objectReference: {fileID: 0}
    - target: {fileID: 989544283703904590, guid: 4aaea8e071cbdb94bb749bd8f74ba57c,
        type: 3}
      propertyPath: m_LocalRotation.w
      value: 1
      objectReference: {fileID: 0}
    - target: {fileID: 989544283703904590, guid: 4aaea8e071cbdb94bb749bd8f74ba57c,
        type: 3}
      propertyPath: m_LocalRotation.x
      value: 0
      objectReference: {fileID: 0}
    - target: {fileID: 989544283703904590, guid: 4aaea8e071cbdb94bb749bd8f74ba57c,
        type: 3}
      propertyPath: m_LocalRotation.y
      value: 0
      objectReference: {fileID: 0}
    - target: {fileID: 989544283703904590, guid: 4aaea8e071cbdb94bb749bd8f74ba57c,
        type: 3}
      propertyPath: m_LocalRotation.z
      value: 0
      objectReference: {fileID: 0}
    - target: {fileID: 989544283703904590, guid: 4aaea8e071cbdb94bb749bd8f74ba57c,
        type: 3}
      propertyPath: m_LocalEulerAnglesHint.x
      value: 0
      objectReference: {fileID: 0}
    - target: {fileID: 989544283703904590, guid: 4aaea8e071cbdb94bb749bd8f74ba57c,
        type: 3}
      propertyPath: m_LocalEulerAnglesHint.y
      value: 0
      objectReference: {fileID: 0}
    - target: {fileID: 989544283703904590, guid: 4aaea8e071cbdb94bb749bd8f74ba57c,
        type: 3}
      propertyPath: m_LocalEulerAnglesHint.z
      value: 0
      objectReference: {fileID: 0}
    - target: {fileID: 989544283703904591, guid: 4aaea8e071cbdb94bb749bd8f74ba57c,
        type: 3}
      propertyPath: m_Name
      value: SpawnPoint
      objectReference: {fileID: 0}
    m_RemovedComponents: []
  m_SourcePrefab: {fileID: 100100000, guid: 4aaea8e071cbdb94bb749bd8f74ba57c, type: 3}
--- !u!4 &8973747686145799169 stripped
Transform:
  m_CorrespondingSourceObject: {fileID: 989544283703904590, guid: 4aaea8e071cbdb94bb749bd8f74ba57c,
    type: 3}
  m_PrefabInstance: {fileID: 8156782749651615055}
  m_PrefabAsset: {fileID: 0}
--- !u!114 &8803263520533715304 stripped
MonoBehaviour:
  m_CorrespondingSourceObject: {fileID: 799898239713518631, guid: 4aaea8e071cbdb94bb749bd8f74ba57c,
    type: 3}
  m_PrefabInstance: {fileID: 8156782749651615055}
  m_PrefabAsset: {fileID: 0}
  m_GameObject: {fileID: 0}
  m_Enabled: 1
  m_EditorHideFlags: 0
  m_Script: {fileID: 11500000, guid: 4338a34bc067ca44d804b9f3098b6371, type: 3}
  m_Name: 
  m_EditorClassIdentifier: 
